<record><leader>00000cas a22000007a 4500</leader><controlfield tag="001">27055691</controlfield><controlfield tag="008">921203d19641989scuwr ne      0    0eng d</controlfield><datafield ind1=" " ind2=" " tag="010"><subfield code="a">sn 92065697 </subfield></datafield><datafield ind1=" " ind2=" " tag="040"><subfield code="a">SVN</subfield><subfield code="b">eng</subfield><subfield code="c">SVN</subfield><subfield code="d">OCLCQ</subfield></datafield><datafield ind1=" " ind2=" " tag="042"><subfield code="a">msc</subfield></datafield><datafield ind1="0" ind2="4" tag="245"><subfield code="a">The field and herald.</subfield></datafield><datafield ind1=" " ind2=" " tag="260"><subfield code="a">Conway, S.C. :</subfield><subfield code="b">Mark C. Garner</subfield></datafield><datafield ind1=" " ind2=" " tag="300"><subfield code="a">v.</subfield></datafield><datafield ind1=" " ind2=" " tag="310"><subfield code="a">Weekly</subfield></datafield><datafield ind1="0" ind2=" " tag="362"><subfield code="a">Vol. 105, no. 11 (July 29, 1964)-Feb. 22, 1989.</subfield></datafield><datafield ind1=" " ind2="4" tag="651"><subfield code="a">Horry County (S.C.)</subfield><subfield code="v">Newspapers.</subfield></datafield><datafield ind1=" " ind2=" " tag="752"><subfield code="a">United States</subfield><subfield code="b">South Carolina</subfield><subfield code="c">Horry</subfield><subfield code="d">Conway.</subfield></datafield><datafield ind1="0" ind2="4" tag="780"><subfield code="t">Conway field</subfield><subfield code="w">(DLC)sn 92065688</subfield></datafield><datafield ind1="0" ind2="4" tag="780"><subfield code="t">Horry herald (Conway, S.C. : 1899)</subfield><subfield code="w">(DLC)sn 86063776</subfield></datafield><datafield ind1="0" ind2="4" tag="785"><subfield code="t">Sun-news (Myrtle Beach, S.C.)</subfield><subfield code="w">(DLC)sn 92065709</subfield></datafield><datafield ind1="1" ind2=" " tag="029"><subfield code="a">AU@</subfield><subfield code="b">000020750871</subfield></datafield></record>